<?xml version="1.0" encoding="UTF-8"?><collection xmlns="http://www.loc.gov/MARC21/slim"><record><leader>00508nam--2200181-i-4500</leader><controlfield tag="001">000012397</controlfield><controlfield tag="002">20161230</controlfield><controlfield tag="005">20161230201029</controlfield><controlfield tag="008">060222s1000------------r-----000-0-fre-d</controlfield><datafield ind1=" " ind2=" " tag="040"><subfield code="a">IFIN-HH</subfield></datafield><datafield ind1=" " ind2=" " tag="041"><subfield code="a">fre</subfield></datafield><datafield ind1=" " ind2=" " tag="080"><subfield code="a">539.142(043)</subfield></datafield><datafield ind1="1" ind2=" " tag="100"><subfield code="a">Glasser, Frederic</subfield></datafield><datafield ind1="1" ind2="0" tag="245"><subfield code="a">Mesure de duree de vie dans la gamme de quelques 10-12 a quelques 10-7 secondes</subfield><subfield code="b">These</subfield><subfield code="c">Frederic glasser</subfield></datafield><datafield ind1=" " ind2=" " tag="260"><subfield code="a">Grenoble</subfield><subfield code="b">Universite</subfield><subfield code="c">1975</subfield></datafield><datafield ind1=" " ind2=" " tag="300"><subfield code="a">81P</subfield></datafield><datafield ind1=" " ind2=" " tag="852"><subfield code="a">46374</subfield><subfield code="c">539.14</subfield></datafield><datafield ind1=" " ind2=" " tag="CAT"><subfield code="a">Sys</subfield><subfield code="c">20120403</subfield><subfield code="h">151948</subfield></datafield></record></collection>